%===============================================================================
% Sample bibliopgraphy file for ifaconf.bst style to be used in
% IFAC meeting papers
% Copyright (c) 2007-2008 International Federation of Automatic Control
%===============================================================================

@inproceedings{Alexandrov-2016-a,
author="Alexandrov, Alexander",
editor="Andreasen, Troels
and Christiansen, Henning
and Kacprzyk, Janusz
and Larsen, Henrik
and Pasi, Gabriella
and Pivert, Olivier
and De Tr{\'e}, Guy
and Vila, Maria Amparo
and Yazici, Adnan
and Zadro{\.{z}}ny, S{\l}awomir",
title="Ad-hoc Kalman Filter Based Fusion Algorithm for Real-Time Wireless Sensor Data Integration",
booktitle="Flexible Query Answering Systems 2015",
year="2016",
publisher="Springer International Publishing",
address="Cham",
pages="151--159",
isbn="978-3-319-26154-6"
}

@article{Angelova-2009-a,
author={Angelova, Vera},
title={Investigations in the Area of Soft Computing Targeted State of the Art Report},
journal={Cybernetics and Information Technologies},
year={2009},
volume={9},
issue={1},
pages={18--24},
}

@article{Borissova-2015-a,
author = {Borissova, Daniela and Mustakerov, Ivan},
year = {2015},
month = {04},
pages = {120-127},
title = {Open job shop scheduling via enumerative combinatorics},
volume = {9},
journal = {INTERNATIONAL JOURNAL OF MATHEMATICAL MODELS AND METHODS IN APPLIED SCIENCES}
}

@inproceedings{Dimitrov-2021-a,
author="Dimitrov, Willian
and Jekov, Boyan
and Hristov, Peyo",
editor="Silhavy, Radek",
title="Analysis of the Cybersecurity Weaknesses of DLT Ecosystem",
booktitle="Software Engineering and Algorithms",
year="2021",
publisher="Springer International Publishing",
address="Cham",
pages="645--655",
isbn="978-3-030-77442-4"
}

@inproceedings{Dineva-2019-a,
author = {Dineva, Kristina and Atanasova, Tatiana},
title = {Methodology for Data Processing in Modular IoT System},
year = {2019},
isbn = {978-3-030-36613-1},
publisher = {Springer-Verlag},
address = {Berlin, Heidelberg},
booktitle = {Distributed Computer and Communication Networks: 22nd International Conference, DCCN 2019, Moscow, Russia, September 23–27, 2019,  Revised Selected Papers},
pages = {457–468},
numpages = {12},
keywords = {Heterogeneous data, Imbalanced datasets, IoT, Data processing},
location = {Moscow, Russia}
}

@inproceedings{Petrov-2021-a,
author = {Petrov, Iliyan},
title = {AHP Enlargement in Traditional Entropy-TOPSIS Approach for Selecting Desktop Personal Computers for Distance Learning: Decomposition of Evaluation Criteria in Blocks with AHP for Better Consideration of Users’ Needs in the MCDM Process on the Example of the Entropy-TOPSIS Approach},
year = {2021},
isbn = {9781450389822},
publisher = {Association for Computing Machinery},
address = {New York, NY, USA},
booktitle = {International Conference on Computer Systems and Technologies '21},
pages = {61–66},
numpages = {6},
keywords = {AHP, entropy, computer hardware, MCDA, distance learning, MCDM, TOPSIS},
location = {Ruse, Bulgaria},
series = {CompSysTech '21}
}

@inproceedings{Tashev-2019-a,
author = {Tashev, Tasho and Tasheva, Radostina and Petrov, Petar},
title = {Determination of the Computer Modelling Precision for Throughput of Switch Node with LPF-Algorithm},
year = {2019},
isbn = {9781450371490},
publisher = {Association for Computing Machinery},
address = {New York, NY, USA},
booktitle = {Proceedings of the 20th International Conference on Computer Systems and Technologies},
pages = {141–145},
numpages = {5},
keywords = {Crossbar switch node, Computer simulations, Modelling, Computer systems and technologies},
location = {Ruse, Bulgaria},
series = {CompSysTech '19}
}